%% This BibTeX bibliography file was created using BibDesk.
%% http://bibdesk.sourceforge.net/


%% Created for Lukas KÃ¤ll at 2014-11-19 14:27:56 +0100 


%% Saved with string encoding Unicode (UTF-8) 



@article{branca2014hirief,
	Author = {Branca, Rui MM and Orre, Lukas M and Johansson, Henrik J and Granholm, Viktor and Huss, Mikael and P{\'e}rez-Bercoff, {\AA}sa and Forshed, Jenny and K{\"a}ll, Lukas and Lehti{\"o}, Janne},
	Date-Added = {2014-11-19 10:48:22 +0000},
	Date-Modified = {2014-11-19 10:48:22 +0000},
	Journal = {Nature methods},
	Number = {1},
	Pages = {59--62},
	Publisher = {Nature Publishing Group},
	Title = {HiRIEF LC-MS enables deep proteome coverage and unbiased proteogenomics},
	Volume = {11},
	Year = {2014}}

@article{cerqueira2010mude,
	Author = {Cerqueira, Fabio R and Graber, Armin and Schwikowski, Benno and Baumgartner, Christian},
	Date-Added = {2014-11-19 10:45:57 +0000},
	Date-Modified = {2014-11-19 10:45:57 +0000},
	Journal = {Journal of proteome research},
	Number = {5},
	Pages = {2265--2277},
	Publisher = {American Chemical Society},
	Title = {MUDE: a new approach for optimizing sensitivity in the target-decoy search strategy for large-scale peptide/protein identification},
	Volume = {9},
	Year = {2010}}

@article{OFarrell1975,
	Author = {O'Farrell, Patrick H},
	Journal = {{The Journal of Biological Chemistry}},
	Number = {10},
	Pages = {4007--21},
	Title = {{High resolution two-dimensional electrophoresis of proteins}},
	Volume = {250},
	Year = {1975}}

@article{James1997,
	Author = {James, P},
	Journal = {Quarterly Reviews of Biophysics},
	Number = {4},
	Pages = {279--331},
	Title = {{Protein identification in the post-genome era: the rapid rise of proteomics}},
	Volume = {30},
	Year = {1997}}

@article{Blackstock1999,
	Author = {Blackstock, Walter P and Weir, Malcolm P},
	Journal = {Trends Biotechnology},
	Number = {3},
	Pages = {121--7},
	Title = {{Proteomics: quantitative and physical mapping of cellular proteins}},
	Volume = {17},
	Year = {1999}}

@article{Rogers2008,
	Author = {Rogers, Simon and Girolami, Mark and Kolch, Walter and Waters, Katrina M and Liu, Tao and Thrall, Brian and Wiley, Steven H},
	Journal = {Bioinformatics},
	Number = {24},
	Pages = {2894--900},
	Title = {{Investigating the correspondence between transcriptomic and proteomic expression profiles using coupled cluster models.}},
	Volume = {24},
	Year = {2008}}

@article{sumner1926,
	Author = {Sumner, J B},
	Journal = {Journal of Biological Chemistry},
	Pages = {435--41},
	Title = {The isolation of the enzyme urease: preliminary paper},
	Volume = {69},
	Year = {1926}}

@article{Chen2012,
	Author = {Chen, Rui and Mias, George I and Li-Pook-Than, Jennifer and Jiang, Lihua and Lam, Hugo Y and Chen, Rong and Miriami, Elana and Karczewski, Konrad J and Hariharan, Manoj and Dewey, Frederick E and Cheng, Yong and Clark, Michael J and Im, Hogune and Habegger, Lukas and Balasubramanian, Suganthi and O'Huallachain, Maeve and Dudley, Joel T and Hillenmeyer, Sara and Haraksingh, Rajini and Sharon, Donald and Euskirchen, Ghia and Lacroute, Phil and Bettinger, Keith and Boyle, Alan P and Kasowski, Maya and Grubert, Fabian and Seki, Scott and Garcia, Marco and Whirl-Carrillo, Michelle and Gallardo, Mercedes and Blasco, Maria a and Greenberg, Peter L and Snyder, Phyllis and Klein, Teri E and Altman, Russ B and Butte, Atul J and Ashley, Euan A and Gerstein, Mark and Nadeau, Kari C and Tang, Hua and Snyder, Michael},
	Journal = {Cell},
	Number = {6},
	Pages = {1293--307},
	Title = {{Personal omics profiling reveals dynamic molecular and medical phenotypes.}},
	Volume = {148},
	Year = {2012}}

@article{Lu2009,
	Author = {Lu, Rong and Markowetz, Florian and Unwin, Richard D and Leek, Jeffrey T and Airoldi, Edoardo M and MacArthur, Ben D and Lachmann, Alexander and Rozov, Roye and Ma'ayan, Avi and Boyer, Laurie a and Troyanskaya, Olga G and Whetton, Anthony D and Lemischka, Ihor R},
	Journal = {Nature},
	Number = {7271},
	Pages = {358--62},
	Title = {{Systems-level dynamic analyses of fate change in murine embryonic stem cells}},
	Volume = {462},
	Year = {2009}}

@article{Nagalakshmi2008,
	Author = {Nagalakshmi, Ugrappa and Wang, Zhong and Waern, Karl and Shou, Chong and Raha, Debasish and Gerstein, Mark and Snyder, Michael},
	Journal = {Science},
	Number = {5881},
	Pages = {1344--9},
	Title = {{The transcriptional landscape of the yeast genome defined by RNA sequencing}},
	Volume = {320},
	Year = {2008}}

@article{Wilhelm2008,
	Author = {Wilhelm, Brian T and Marguerat, Samuel and Watt, Stephen and Schubert, Falk and Wood, Valerie and Goodhead, Ian and Penkett, Christopher J and Rogers, Jane and B\"{a}hler, J\"{u}rg},
	Journal = {Nature},
	Number = {7199},
	Pages = {1239--43},
	Title = {{Dynamic repertoire of a eukaryotic transcriptome surveyed at single-nucleotide resolution.}},
	Volume = {453},
	Year = {2008}}

@article{Angel2012,
	Author = {Angel, Thomas E and Aryal, Uma K and Hengel, Shawna M and Baker, Erin S and Kelly, Ryan T and Robinson, Errol W and Smith, Richard D},
	Journal = {Chemical Society Reviews},
	Number = {10},
	Pages = {3912--28},
	Title = {{Mass spectrometry-based proteomics: existing capabilities and future directions}},
	Volume = {41},
	Year = {2012}}

@article{Lemeer2009,
	Author = {Lemeer, Simone and Heck, Albert J},
	Journal = {Current Opinion in Chemical Biology},
	Number = {4},
	Pages = {414--20},
	Title = {{The phosphoproteomics data explosion}},
	Volume = {13},
	Year = {2009}}

@article{Gstaiger2013,
	Author = {Gstaiger, Matthias and Aebersold, Ruedi},
	Journal = {{Molecular BioSystems}},
	Number = {6},
	Pages = {1064--7},
	Pmid = {23529396},
	Title = {{Genotype-phenotype relationships in light of a modular protein interaction landscape}},
	Volume = {9},
	Year = {2013}}

@article{Thomson1913,
	Author = {Thomson, Joseph J},
	Journal = {Proceedings of the Royal Society London A},
	Pages = {1--20},
	Title = {{Rays of positive electricity}},
	Volume = {89},
	Year = {1913}}

@article{Aston1919,
	Author = {Aston, Francis W},
	Journal = {Philosophical Magazine},
	Pages = {707--15},
	Title = {{A positive-ray spectrograph}},
	Volume = {38},
	Year = {1919}}

@book{howe1981mass,
	Author = {Howe, Ian and Williams, Dudley H and Bowen, Richard D},
	Publisher = {McGraw-Hill, New York, NY, USA},
	Title = {Mass spectrometry: principles and applications},
	Year = {1981}}

@article{Elmore1987,
	Author = {Elmore, David and Phillips, Fred M},
	Journal = {Science},
	Number = {4801},
	Pages = {543--50},
	Title = {{Accelerator mass spectrometry for measurement of long-lived radioisotopes}},
	Volume = {236},
	Year = {1987}}

@book{aston1942mass,
	Author = {Aston, Francis W},
	Publisher = {Longmans, Green \& Co., London, UK},
	Title = {Mass spectra and isotopes},
	Year = {1933}}

@article{maldi,
	Author = {Karas, M and Hillenkamp, F},
	Journal = {Analytical Chemistry},
	Number = {20},
	Pages = {2299--301},
	Title = {{Laser desorption ionization of proteins with molecular masses exceeding 10,000 daltons}},
	Volume = {60},
	Year = {1988}}

@article{esi,
	Author = {Fenn, John B and Mann, Matthias and Meng, Chin K and Wong, Shek F and Whitehouse, Craig M},
	Number = {4926},
	Pages = {64--71},
	Title = {{Electrospray ionization for mass spectrometry of large biomolecules}},
	Volume = {246},
	Year = {1989}}

@article{Gavin2011,
	Author = {Gavin, Anne-Claude and Maeda, Kenji and K\"{u}hner, Sebastian},
	Journal = {Current Opinion in Biotechnology},
	Number = {1},
	Pages = {42--9},
	Title = {{Recent advances in charting protein-protein interaction: mass spectrometry-based approaches}},
	Volume = {22},
	Year = {2011}}

@article{Geiger2012,
	Author = {Geiger, Tamar and Wehner, Anja and Schaab, Christoph and Cox, Juergen and Mann, Matthias},
	Journal = {Molecular \& Cellular Proteomics},
	Number = {3},
	Pages = {M111.014050},
	Title = {{Comparative proteomic analysis of eleven common cell lines reveals ubiquitous but varying expression of most proteins}},
	Volume = {11},
	Year = {2012}}

@article{Huttlin2010,
	Author = {Huttlin, Edward L and Jedrychowski, Mark P and Elias, Joshua E and Goswami, Tapasree and Rad, Ramin and Beausoleil, Sean a and Vill\'{e}n, Judit and Haas, Wilhelm and Sowa, Mathew E and Gygi, Steven P},
	Journal = {Cell},
	Number = {7},
	Pages = {1174--89},
	Title = {{A tissue-specific atlas of mouse protein phosphorylation and expression}},
	Volume = {143},
	Year = {2010}}

@article{McCormack1997,
	Author = {McCormack, A L and Schieltz, D M and Goode, B and Yang, S and Barnes, G and Drubin, D and Yates 3rd, J R},
	Journal = {Analytical Chemistry},
	Number = {4},
	Pages = {767--76},
	Title = {{Direct analysis and identification of proteins in mixtures by LC/MS/MS and database searching at the low-femtomole level.}},
	Volume = {69},
	Year = {1997}}

@article{Wilm1996,
	Author = {Wilm, M and Shevchenko, A and Houthaeve, T and Breit, S and Schweigerer, L and Fotsis, T and Mann, M},
	Journal = {Nature},
	Number = {6564},
	Pages = {466--9},
	Title = {{Femtomole sequencing of proteins from polyacrylamide gels by nano-electrospray mass spectrometry}},
	Volume = {379},
	Year = {1996}}

@article{grk2010,
	Author = {Walsh, Geraldine M and Rogalski, Jason C and Klockenbusch, Cordula and Kast, Juergen},
	Journal = {Expert Reviews in Molecular Medicine},
	Pages = {e30},
	Title = {Mass spectrometry-based proteomics in biomedical research: emerging technologies and future strategies},
	Volume = {12},
	Year = {2010}}

@article{lukas2011,
	Author = {K{\"a}ll, Lukas and Vitek, Olga},
	Journal = {PLoS Computational Biology},
	Number = {12},
	Pages = {e1002277},
	Title = {Computational mass spectrometry-based proteomics},
	Volume = {7},
	Year = {2011}}

@article{Thakur2011,
	Author = {Thakur, Suman S and Geiger, Tamar and Chatterjee, Bhaswati and Bandilla, Peter and Fr\"{o}hlich, Florian and Cox, Juergen and Mann, Matthias},
	Journal = {Molecular \& Cellular Proteomics},
	Number = {8},
	Pages = {M110.003699},
	Title = {{Deep and highly sensitive proteome coverage by LC-MS/MS without prefractionation}},
	Volume = {10},
	Year = {2011}}

@article{Ducret1998,
	Author = {Ducret, A and {Van Oostveen}, I and Eng, J K and Yates 3rd, J R and Aebersold, Ruedi},
	Journal = {Protein Science},
	Number = {3},
	Pages = {706--19},
	Title = {{High throughput protein characterization by automated reverse-phase chromatography/electrospray tandem mass spectrometry.}},
	Volume = {7},
	Year = {1998}}

@article{Nagaraj2012,
	Author = {Nagaraj, Nagarjuna and Kulak, Nils Alexander and Cox, Juergen and Neuhauser, Nadin and Mayr, Korbinian and Hoerning, Ole and Vorm, Ole and Mann, Matthias},
	Journal = {Molecular \& Cellular Proteomics},
	Number = {3},
	Pages = {M111.013722},
	Title = {{System-wide perturbation analysis with nearly complete coverage of the yeast proteome by single-shot ultra HPLC runs on a bench top Orbitrap}},
	Volume = {11},
	Year = {2012}}

@article{Gstaiger2009,
	Author = {Gstaiger, Matthias and Aebersold, Ruedi},
	Journal = {Nature Reviews Genetics},
	Number = {9},
	Pages = {617--27},
	Title = {{Applying mass spectrometry-based proteomics to genetics, genomics and network biology}},
	Volume = {10},
	Year = {2009}}

@article{Nagaraj2011,
	Author = {Nagaraj, Nagarjuna and Wisniewski, Jacek R and Geiger, Tamar and Cox, Juergen and Kircher, Martin and Kelso, Janet and P\"{a}\"{a}bo, Svante and Mann, Matthias},
	Journal = {Molecular Systems Biology},
	Pages = {548},
	Title = {{Deep proteome and transcriptome mapping of a human cancer cell line}},
	Volume = {7},
	Year = {2011}}

@article{Beck2011,
	Author = {Beck, Martin and Schmidt, Alexander and Malmstroem, Johan and Claassen, Manfred and Ori, Alessandro and Szymborska, Anna and Herzog, Franz and Rinner, Oliver and Ellenberg, Jan and Aebersold, Ruedi},
	Journal = {Molecular Systems Biology},
	Pages = {549},
	Title = {{The quantitative proteome of a human cell line}},
	Volume = {7},
	Year = {2011}}

@article{Geiger2012,
	Author = {Geiger, Tamar and Wehner, Anja and Schaab, Christoph and Cox, Juergen and Mann, Matthias},
	Journal = {Molecular \& cellular proteomics : MCP},
	Number = {3},
	Pages = {M111.014050},
	Title = {{Comparative proteomic analysis of eleven common cell lines reveals ubiquitous but varying expression of most proteins.}},
	Volume = {11},
	Year = {2012}}

@article{Liu2004,
	Author = {Liu, Hongbin and Sadygov, Rovshan G and Yates 3rd, J R},
	Journal = {Analytical Chemistry},
	Number = {14},
	Pages = {4193--201},
	Title = {{A model for random sampling and estimation of relative protein abundance in shotgun proteomics}},
	Volume = {76},
	Year = {2004}}

@article{Michalski2011,
	Author = {Michalski, Annette and Cox, Juergen and Mann, Matthias},
	Journal = {Journal of Proteome Research},
	Number = {4},
	Pages = {1785--93},
	Title = {{More than 100,000 detectable peptide species elute in single shotgun proteomics runs but the majority is inaccessible to data-dependent LC-MS/MS}},
	Volume = {10},
	Year = {2011}}

@article{Wenner2004,
	Author = {Wenner, Brett R and Lynn, Bert C},
	Journal = {Journal of the American Society for Mass Spectrometry},
	Number = {2},
	Pages = {150--7},
	Title = {{Factors that affect ion trap data-dependent MS/MS in proteomics}},
	Volume = {15},
	Year = {2004}}

@article{Addona2009,
	Author = {Addona, Terri A and Abbatiello, Susan E and Schilling, Birgit and Skates, Steven J and Mani, D R and Bunk, David M and Spiegelman, Clifford H and Zimmerman, Lisa J and Ham, Amy-Joan and Keshishian, Hasmik and Hall, Steven C and Allen, Simon and Blackman, Ronald K and Borchers, Christoph H and Buck, Charles and Cardasis, Helene L and Cusack, Michael P and Dodder, Nathan G and Gibson, Bradford W and Held, Jason M and Hiltke, Tara and Jackson, Angela and Johansen, Eric B and Kinsinger, Christopher R and Li, Jing and Mesri, Mehdi and Neubert, Thomas A and Niles, Richard K and Pulsipher, Trenton C and Ransohoff, David and Rodriguez, Henry and Rudnick, Paul A and Smith, Derek and Tabb, David L and Tegeler, Tony J and Variyath, Asokan M and Vega-Montoto, Lorenzo J and Wahlander, Asa and Waldemarson, Sofia and Wang, Mu and Whiteaker, Jeffrey R and Zhao, Lei and Anderson, Leigh N and Fisher, Susan J and Liebler, Daniel C and Paulovich, Amanda G and Regnier, Fred E and Tempst, Paul and Carr, Steven A},
	Journal = {Nature Biotechnology},
	Number = {7},
	Pages = {633--41},
	Title = {{Multi-site assessment of the precision and reproducibility of multiple reaction monitoring-based measurements of proteins in plasma}},
	Volume = {27},
	Year = {2009}}

@article{Picotti2012,
	Author = {Picotti, Paola and Aebersold, Ruedi},
	Journal = {Nature Methods},
	Number = {6},
	Pages = {555--66},
	Title = {{Selected reaction monitoring-based proteomics: workflows, potential, pitfalls and future directions}},
	Volume = {9},
	Year = {2012}}

@article{Picotti2013,
	Author = {Picotti, Paola and Bodenmiller, Bernd and Aebersold, Ruedi},
	Journal = {Nature Methods},
	Number = {1},
	Pages = {24--7},
	Title = {{Proteomics meets the scientific method}},
	Volume = {10},
	Year = {2013}}

@article{Egertson2013,
	Author = {Egertson, Jarrett D and Kuehn, Andreas and Merrihew, Gennifer E and Bateman, Nicholas W and MacLean, Brendan X and Ting, Ying S and Canterbury, Jesse D and Marsh, Donald M and Kellmann, Markus and Zabrouskov, Vlad and Wu, Christine C and MacCoss, Michael J},
	Journal = {Nature Methods},
	Number = {8},
	Pages = {744--6},
	Title = {{Multiplexed MS/MS for improved data-independent acquisition}},
	Volume = {10},
	Year = {2013}}

@article{Geiger2010,
	Author = {Geiger, Tamar and Cox, Juergen and Mann, Matthias},
	Journal = {Molecular \& Cellular Proteomics},
	Number = {10},
	Pages = {2252--61},
	Title = {{Proteomics on an Orbitrap benchtop mass spectrometer using all-ion fragmentation}},
	Volume = {9},
	Year = {2010}}

@article{Venable2004,
	Author = {Venable, John D and Dong, Meng Qiu and Wohlschlegel, James and Dillin, Andrew and Yates 3rd, John R},
	Journal = {Nature Methods},
	Number = {1},
	Pages = {39--45},
	Title = {{Automated approach for quantitative analysis of complex peptide mixtures from tandem mass spectra}},
	Volume = {1},
	Year = {2004}}

@article{Purvine2003,
	Author = {Purvine, Samuel and Eppel, Jason-Thomas and Yi, Eugene C and Goodlett, David R},
	Journal = {Proteomics},
	Number = {6},
	Pages = {847--50},
	Title = {{Shotgun collision-induced dissociation of peptides using a time of flight mass analyzer}},
	Volume = {3},
	Year = {2003}}

@article{Gillet2012,
	Author = {Gillet, Ludovic C and Navarro, Pedro and Tate, Stephen and R\"{o}st, Hannes and Selevsek, Nathalie and Reiter, Lukas and Bonner, Ron and Aebersold, Ruedi},
	Journal = {Molecular \& Cellular Proteomics},
	Number = {6},
	Pages = {O111.016717},
	Title = {{Targeted data extraction of the MS/MS spectra generated by data-independent acquisition: a new concept for consistent and accurate proteome analysis}},
	Volume = {11},
	Year = {2012}}

@article{Weisbrod2012,
	Author = {Weisbrod, Chad R and Eng, Jimmy K and Hoopmann, Michael R and Baker, Tahmina and Bruce, James E},
	Journal = {Journal of Proteome Research},
	Number = {3},
	Pages = {1621--32},
	Title = {{Accurate peptide fragment mass analysis: multiplexed peptide identification and quantification}},
	Volume = {11},
	Year = {2012}}

@article{Choudhary2009,
	Author = {Choudhary, Chunaram and Kumar, Chanchal and Gnad, Florian and Nielsen, Michael L and Rehman, Michael and Walther, Tobias C and Olsen, Jesper V and Mann, Matthias},
	Journal = {Science},
	Number = {5942},
	Pages = {834--40},
	Title = {{Lysine acetylation targets protein complexes and co-regulates major cellular functions}},
	Volume = {325},
	Year = {2009}}

@article{Zielinska2010,
	Author = {Zielinska, Dorota F and Gnad, Florian and Wi\'{s}niewski, Jacek R and Mann, Matthias},
	Journal = {Cell},
	Number = {5},
	Pages = {897--907},
	Title = {{Precision mapping of an in vivo N-glycoproteome reveals rigid topological and sequence constraints}},
	Volume = {141},
	Year = {2010}}

@article{Olsen2010,
	Author = {Olsen, Jesper V and Vermeulen, Michiel and Santamaria, Anna and Kumar, Chanchal and Miller, Martin L and Jensen, Lars J and Gnad, Florian and Cox, J\"{u}rgen and Jensen, Thomas S and Nigg, Erich A and Brunak, S{\o}ren and Mann, Matthias},
	Journal = {Science Signaling},
	Number = {104},
	Pages = {ra3},
	Title = {{Quantitative phosphoproteomics reveals widespread full phosphorylation site occupancy during mitosis}},
	Volume = {3},
	Year = {2010}}

@article{Udeshi2013,
	Author = {Udeshi, Namrata D and Svinkina, Tanya and Mertins, Philipp and Kuhn, Eric and Mani, D R and Qiao, Jana W and Carr, Steven A},
	Journal = {Molecular \& Cellular Proteomics},
	Number = {3},
	Pages = {825--31},
	Title = {{Refined preparation and use of anti-diglycine remnant (K-$\epsilon$-GG) antibody enables routine quantification of 10,000s of ubiquitination sites in single proteomics experiments.}},
	Volume = {12},
	Year = {2013}}

@article{Mertins2013,
	Author = {Mertins, Philipp and Qiao, Jana W and Patel, Jinal and Udeshi, Namrata D and Clauser, Karl R and Mani, D R and Burgess, Michael W and Gillette, Michael a and Jaffe, Jacob D and Carr, Steven a},
	Journal = {Nature methods},
	Month = jun,
	Number = {7},
	Title = {{Integrated proteomic analysis of post-translational modifications by serial enrichment.}},
	Volume = {10},
	Year = {2013}}

@article{Altelaar2013,
	Author = {Altelaar, A F and Munoz, Javier and Heck, Albert J},
	Journal = {Nature Reviews Genetics},
	Number = {1},
	Pages = {35--48},
	Title = {{Next-generation proteomics: towards an integrative view of proteome dynamics}},
	Volume = {14},
	Year = {2013}}

@article{Vaudel2012,
	Author = {Vaudel, Marc and Sickmann, Albert and Martens, Lennart},
	Journal = {Expert Review of Proteomics},
	Number = {5},
	Pages = {519--32},
	Title = {{Current methods for global proteome identification}},
	Volume = {9},
	Year = {2012}}

@article{Pompach2012,
	Author = {Pompach, Petr and Chandler, Kevin B and Lan, Renny and Edwards, Nathan and Goldman, Radoslav},
	Journal = {Journal of Proteome Research},
	Number = {3},
	Pages = {1728--40},
	Title = {{Semi-automated identification of N-Glycopeptides by hydrophilic interaction chromatography, nano-reverse-phase LC-MS/MS, and glycan database search}},
	Volume = {11},
	Year = {2012}}

@article{Chalkley2012,
	Author = {Chalkley, Robert J and Clauser, Karl R},
	Journal = {Molecular \& Cellular Proteomics},
	Number = {5},
	Pages = {3--14},
	Title = {{Modification site localization scoring: strategies and performance}},
	Volume = {11},
	Year = {2012}}

@article{Gevaert2002,
	Author = {Gevaert, Kris and Van Damme, Jozef and Goethals, Marc and Thomas, Gr\'{e}goire R and Hoorelbeke, Bart and Demol, Hans and Martens, Lennart and Puype, Magda and Staes, An and Vandekerckhove, Jo\"el},
	Journal = {Molecular \& Cellular Proteomics},
	Number = {11},
	Pages = {896--903},
	Title = {Chromatographic isolation of methionine-containing peptides for gel-free proteome analysis: identification of more than 800 {\em Escherichia coli} proteins},
	Volume = {1},
	Year = {2002}}

@article{Gevaert2004,
	Author = {Gevaert, Kris and Ghesqui\`{e}re, Bart and Staes, An and Martens, Lennart and {Van Damme}, Jozef and Thomas, Gr\'{e}goire R and Vandekerckhove, Jo\"{e}l},
	Journal = {Proteomics},
	Number = {4},
	Pages = {897--908},
	Title = {{Reversible labeling of cysteine-containing peptides allows their specific chromatographic isolation for non-gel proteome studies}},
	Volume = {4},
	Year = {2004}}

@article{Gevaert2003,
	Author = {Gevaert, Kris and Goethals, Marc and Martens, Lennart and {Van Damme}, Jozef and Staes, An and Thomas, Gr\'{e}goire R and Vandekerckhove, Jo\"{e}l},
	Journal = {Nature Biotechnology},
	Number = {5},
	Pages = {566--9},
	Title = {{Exploring proteomes and analyzing protein processing by mass spectrometric identification of sorted N-terminal peptides}},
	Volume = {21},
	Year = {2003}}

@article{Staes2011,
	Author = {Staes, An and Impens, Francis and {Van Damme}, Petra and Ruttens, Bart and Goethals, Marc and Demol, Hans and Timmerman, Evy and Vandekerckhove, Jo\"{e}l and Gevaert, Kris},
	Journal = {Nature Protocols},
	Number = {8},
	Pages = {1130--41},
	Title = {{Selecting protein N-terminal peptides by combined fractional diagonal chromatography}},
	Volume = {6},
	Year = {2011}}

@article{Noble2012,
	Author = {Noble, William Stafford and MacCoss, Michael J},
	Journal = {PLoS Computational Biology},
	Number = {1},
	Pages = {e1002296},
	Title = {{Computational and statistical analysis of protein mass spectrometry data}},
	Volume = {8},
	Year = {2012}}

@article{Lam2011,
	Author = {Lam, Henry},
	Journal = {Molecular \& Cellular Proteomics},
	Number = {12},
	Pages = {R111.008565},
	Title = {{Building and searching tandem mass spectral libraries for peptide identification}},
	Volume = {10},
	Year = {2011}}

@article{Seidler2010,
	Author = {Seidler, Joerg and Zinn, Nico and Boehm, Martin E and Lehmann, Wolf D},
	Journal = {Proteomics},
	Number = {4},
	Pages = {634--49},
	Title = {{De novo sequencing of peptides by MS/MS}},
	Volume = {10},
	Year = {2010}}

@article{Eng2011,
	Author = {Eng, Jimmy K and Searle, Brian C and Clauser, Karl R and Tabb, David L},
	Journal = {Molecular \& Cellular Proteomics},
	Number = {11},
	Pages = {R111.009522},
	Title = {{A face in the crowd: recognizing peptides through database search}},
	Volume = {10},
	Year = {2011}}

@article{Tabb2010,
	Author = {Tabb, David L and Saraf, Anita and Yates 3rd, John R},
	Number = {23},
	Pages = {6415--21},
	Title = {{GutenTag: high-throughput sequence tagging via an empirically derived fragmentation model}},
	Volume = {75},
	Year = {2003}}

@article{Tabb2008,
	Author = {Tabb, David L and Ma, Ze Q and Martin, Daniel B and Ham, Amy J and Chambers, Matthew C},
	Journal = {Journal of Proteome Research},
	Number = {9},
	Pages = {3838--46},
	Title = {{DirecTag: accurate sequence tags from peptide MS/MS through statistical scoring research articles}},
	Volume = {7},
	Year = {2008}}

@article{Eng1994,
	Author = {Eng, Jimmy K. and McCormack, Ashley L. and Yates, John R.},
	Journal = {{Journal of the American Society for Mass Spectrometry}},
	Month = nov,
	Number = {11},
	Pages = {976--89},
	Title = {{An approach to correlate tandem mass spectral data of peptides with amino acid sequences in a protein database}},
	Volume = {5},
	Year = {1994}}

@article{Pappin1999,
	Author = {Perkins, D N and Pappin, Darryl J and Creasy, David M and Cottrell, John S},
	Journal = {Electrophoresis},
	Number = {18},
	Pages = {3551--67},
	Title = {{Probability-based protein identification by searching sequence databases using mass spectrometry data}},
	Volume = {20},
	Year = {1999}}

@article{Craig2004,
	Author = {Craig, Robertson and Beavis, Ronald C},
	Journal = {Bioinformatics},
	Number = {9},
	Pages = {1466--7},
	Title = {{TANDEM: matching proteins with tandem mass spectra.}},
	Volume = {20},
	Year = {2004}}

@article{Park2008,
	Author = {Park, Christopher Y and Klammer, Aaron A and K\"all, Lukas and Maccoss, Michael J and Noble, William S},
	Journal = {Journal of Proteome Research},
	Number = {7},
	Pages = {3022--7},
	Title = {{Rapid and accurate peptide identification from tandem mass spectra}},
	Volume = {7},
	Year = {2008}}

@article{Kim2010,
	Author = {Kim, Sangtae and Mischerikow, Nikolai and Bandeira, Nuno and Navarro, J Daniel and Wich, Louis and Mohammed, Shabaz and Heck, Albert J R and Pevzner, Pavel A},
	Journal = {Molecular \& Cellular Proteomics},
	Number = {12},
	Pages = {2840--52},
	Title = {{The generating function of CID, ETD, and CID/ETD pairs of tandem mass spectra: applications to database search}},
	Volume = {9},
	Year = {2010}}

@article{Cox2011,
	Author = {Cox, J\"{u}rgen and Neuhauser, Nadin and Michalski, Annette and Scheltema, Richard a and Olsen, Jesper V and Mann, Matthias},
	Journal = {Journal of Proteome Research},
	Number = {4},
	Pages = {1794--805},
	Title = {{Andromeda: a peptide search engine integrated into the MaxQuant environment.}},
	Volume = {10},
	Year = {2011}}

@article{morpheus,
	Author = {Wenger, Craig D. and Coon, Joshua J.},
	Journal = {Journal of Proteome Research},
	Number = {3},
	Pages = {1377--86},
	Title = {A proteomics search algorithm specifically designed for high-resolution tandem mass spectra},
	Volume = {12},
	Year = {2013}}

@article{Deutsch2008,
	Author = {Deutsch, Eric W and Lam, Henry and Aebersold, Ruedi},
	Journal = {Physiological Genomics},
	Number = {1},
	Pages = {18--25},
	Title = {{Data analysis and bioinformatics tools for tandem mass spectrometry in proteomics.}},
	Volume = {33},
	Year = {2008}}

@article{qvality,
	Author = {K\"{a}ll, Lukas and Storey, John D and Noble, William Stafford},
	Journal = {Bioinformatics},
	Number = {7},
	Pages = {964--6},
	Title = {{QVALITY: non-parametric estimation of q-values and posterior error probabilities.}},
	Volume = {25},
	Year = {2009}}

@article{Granholm2011,
	Author = {Granholm, Viktor and K\"{a}ll, Lukas},
	Journal = {Proteomics},
	Number = {6},
	Pages = {1086--93},
	Title = {{Quality assessments of peptide-spectrum matches in shotgun proteomics.}},
	Volume = {11},
	Year = {2011}}

@article{Storey2003,
	Author = {Storey, John D and Tibshirani, Robert},
	Journal = {Proceedings of the National Academy of Sciences of the United States of America},
	Number = {16},
	Pages = {9440--5},
	Title = {{Statistical significance for genomewide studies.}},
	Volume = {100},
	Year = {2003}}

@article{pep1,
	Author = {Efron, Bradley and Tibshirani, Robert and Storey, John D. and Tusher, Virginia},
	Journal = {Journal of the American Statistical Association},
	Number = {456},
	Pages = {1151--60},
	Title = {{Empirical Bayes analysis of a microarray experiment}},
	Volume = {96},
	Year = {2001}}

@article{pep2,
	Author = {K\"{a}ll, Lukas and Storey, John D and Noble, William Stafford},
	Journal = {Bioinformatics},
	Number = {16},
	Pages = {i42--8},
	Title = {{Non-parametric estimation of posterior error probabilities associated with peptides identified by tandem mass spectrometry.}},
	Volume = {24},
	Year = {2008}}

@article{pi0,
	Author = {D. Storey},
	Journal = {Annals of Statistics},
	Number = {6},
	Pages = {2013--35},
	Title = {The positive false discovery rate: a Bayesian interpretation and the q-value},
	Volume = {31},
	Year = {2003}}

@article{Elias2007,
	Author = {Elias, Joshua E and Gygi, Steven P},
	Journal = {Nature Methods},
	Number = {3},
	Pages = {207--14},
	Title = {{Target-decoy search strategy for increased confidence in large-scale protein identifications by mass spectrometry}},
	Volume = {4},
	Year = {2007}}

@article{Choi2008,
	Author = {Choi, Hyungwon and Nesvizhskii, Alexey I},
	Journal = {Journal of Proteome Research},
	Number = {1},
	Pages = {254--65},
	Title = {{Semisupervised model-based validation of peptide identifications in mass spectrometry-based proteomics}},
	Volume = {7},
	Year = {2008}}

@article{Kall2008,
	Author = {K\"{a}ll, Lukas and Storey, John D and MacCoss, Michael J and Noble, William Stafford},
	Journal = {{Journal of Proteome Research}},
	Number = {1},
	Pages = {40--4},
	Title = {{Posterior error probabilities and false discovery rates: two sides of the same coin.}},
	Volume = {7},
	Year = {2008}}

@article{Wright2012,
	Author = {Wright, James C and Collins, Mark O and Yu, Lu and K\"{a}ll, Lukas and Brosch, Markus and Choudhary, Jyoti S},
	Journal = {Molecular \& Cellular Proteomics},
	Number = {8},
	Pages = {478--91},
	Title = {{Enhanced peptide identification by electron transfer dissociation using an improved Mascot Percolator.}},
	Volume = {11},
	Year = {2012}}

@article{Serang2012,
	Author = {Serang, Oliver and Noble, William},
	Journal = {Statistics and its Interface},
	Number = {1},
	Pages = {3--20},
	Title = {{A review of statistical methods for protein identification using tandem mass spectrometry}},
	Volume = {5},
	Year = {2012}}

@article{Ma2009,
	Author = {Ma, Z Q and Dasari, Surendra and Chambers, Matthew C and Litton, Michael D and Sobecki, Scott M and Zimmerman, Lisa J and Halvey, Patrick J and Schilling, Birgit and Drake, Penelope M and Gibson, Bradford W and Tabb, David L},
	Journal = {Journal of Proteome Research},
	Number = {8},
	Pages = {3872--81},
	Title = {{IDPicker 2.0: improved protein assembly with high discrimination peptide identification filtering}},
	Volume = {8},
	Year = {2009}}

@article{Tabb2002,
	Author = {Tabb, David L and McDonald, W Hayes and Yates 3rd, J R},
	Journal = {Rapid Communications in Mass Spectrometry},
	Number = {1},
	Pages = {21--6},
	Title = {{DTASelect and Contrast: tools for assembling and comparing protein identifications from shotgun proteomics}},
	Volume = {1},
	Year = {2002}}

@article{Alexey2003,
	Author = {Nesvizhskii, Alexey I and Keller, Andrew and Kolker, Eugene and Aebersold, Ruedi},
	Journal = {Analytical Chemistry},
	Number = {17},
	Pages = {4646--58},
	Title = {{A statistical model for identifying proteins by tandem mass spectrometry}},
	Volume = {75},
	Year = {2003}}

@article{Li2010,
	Author = {Li, Qunhua and MacCoss, Michael J and Stephens, Matthew},
	Journal = {Annals of Applied Statistics},
	Number = {2},
	Pages = {962--87},
	Title = {A nested mixture model for protein identification using mass spectrometry},
	Volume = {4},
	Year = {2010}}

@article{Price01032007,
	Author = {Price, Thomas S. and Lucitt, Margaret B. and Wu, Weichen and Austin, David J. and Pizarro, Angel and Yocum, Anastasia K. and Blair, Ian A. and FitzGerald, Garret A. and Grosser, Tilo},
	Journal = {Molecular \& Cellular Proteomics},
	Number = {3},
	Pages = {527--36},
	Title = {{EBP, a program for protein identification using multiple tandem mass spectrometry datasets}},
	Volume = {6},
	Year = {2007}}

@article{fido,
	Author = {Serang, Oliver and MacCoss, Michael J. and Noble, William Stafford},
	Journal = {Journal of Proteome Research},
	Number = {10},
	Pages = {5346--57},
	Title = {Efficient marginalization to compute protein posterior probabilities from shotgun mass spectrometry data},
	Volume = {9},
	Year = {2010}}

@article{bayesian,
	Author = {Y. F. Li and R. J. Arnold and Y. Li and P. Radivojac and Q. Sheng and H. Tang},
	Journal = {Journal of Computational Biology},
	Number = {8},
	Pages = {1183--93},
	Title = {A Bayesian approach to protein inference problem in shotgun proteomics},
	Volume = {16},
	Year = {2009}}

@article{Xie201278,
	Author = {Xie, Fang and Smith, Richard D and Shen, Yufeng},
	Journal = {{Journal of Chromatography A}},
	Pages = {78--90},
	Title = {{Advanced proteomic liquid chromatography}},
	Volume = {1261},
	Year = {2012}}

@article{Shen2005,
	Author = {Shen, Yufeng and Smith, Richard D. and Unger, Klaus K. and Kumar, Dipika and Lubda, Dieter},
	Journal = {Analytical Chemistry},
	Number = {20},
	Pages = {6692--701},
	Title = {{Ultrahigh-throughput proteomics using fast RPLC separations with ESI-MS/MS}},
	Volume = {77},
	Year = {2005}}

@article{Iwasaki2010,
	Author = {Iwasaki, Mio and Miwa, Shohei and Ikegami, Tohru and Tomita, Masaru and Tanaka, Nobuo and Ishihama, Yasushi},
	Journal = {Analytical Chemistry},
	Number = {7},
	Pages = {2616--20},
	Title = {One-dimensional capillary liquid chromatographic separation coupled with tandem mass spectrometry unveils the {\em Escherichia coli} proteome on a microarray scale},
	Volume = {82},
	Year = {2010}}

@article{Pirmoradian2013,
	Author = {Pirmoradian, Mohammad and Budamgunta, Harshavardhan and Chingin, Konstantin and Zhang, Bo and Astorga-Wells, Juan and Zubarev, Roman A.},
	Journal = {Molecular \& Cellular Proteomics},
	Title = {Rapid and deep human proteome analysis by single-dimension shotgun proteomics},
	Volume = {Just accepted manuscript},
	Year = {2013}}

@article{thomas2012,
	Author = {Kocher, Thomas and Pichler, Peter and Swart, Remco and Mechtler, Karl},
	Journal = {Nature Protocols},
	Number = {5},
	Pages = {882--90},
	Title = {Analysis of protein mixtures from whole-cell extracts by single-run nano{LC-MS/MS} using ultralong gradients},
	Volume = {7},
	Year = {2012}}

@article{thomas2011,
	Author = {K\"ocher, Thomas and Swart, Remco and Mechtler, Karl},
	Journal = {Analytical Chemistry},
	Number = {7},
	Pages = {2699--704},
	Title = {{Ultra-high-pressure RPLC hyphenated to an LTQ-Orbitrap Velos reveals a linear relation between peak capacity and number of identified peptides}},
	Volume = {83},
	Year = {2011}}

@article{Godoy2008,
	Author = {de Godoy, L M and Olsen, J V and Cox, J and Nielsen, M L and Hubner, N C and Frohlich, F and Walther, T C and Mann, M},
	Journal = {Nature},
	Number = {7217},
	Pages = {1251--1254},
	Title = {{Comprehensive mass-spectrometry-based proteome quantification of haploid versus diploid yeast}},
	Volume = {455},
	Year = {2008}}

@article{shensmith2002,
	Author = {Shen, Yufeng and Zhao, Rui and Berger, Scott J. and Anderson, Gordon A. and Rodriguez, Nestor and Smith, Richard D.},
	Journal = {Analytical Chemistry},
	Number = {16},
	Pages = {4235--4249},
	Title = {High-efficiency nanoscale liquid chromatography coupled on-line with mass spectrometry using nanoelectrospray ionization for proteomics},
	Volume = {74},
	Year = {2002}}

@article{shen2001,
	Author = {Shen, Yufeng and Zhao, Rui and Belov, Mikhail E. and Conrads, Thomas P. and Anderson, Gordon A. and Tang, Keqi and Pa\u{s}a-Toli\'{c}, Ljiljana and Veenstra, Timothy D. and Lipton, Mary S. and Udseth, Harold R. and Smith, Richard D.},
	Doi = {10.1021/ac0011336},
	Eprint = {http://pubs.acs.org/doi/pdf/10.1021/ac0011336},
	Journal = {Analytical Chemistry},
	Number = {8},
	Pages = {1766-1775},
	Title = {Packed capillary reversed-phase liquid chromatography with high-performance electrospray ionization fourier transform ion cyclotron resonance mass spectrometry for proteomics},
	Url = {http://pubs.acs.org/doi/abs/10.1021/ac0011336},
	Volume = {73},
	Year = {2001},
	Bdsk-Url-1 = {http://pubs.acs.org/doi/abs/10.1021/ac0011336},
	Bdsk-Url-2 = {http://dx.doi.org/10.1021/ac0011336}}

@article{Wolters2001,
	Author = {Wolters, D A and Washburn, M P and Yates, J R},
	Journal = {Analytical Chemistry},
	Number = {23},
	Pages = {5683--90},
	Title = {An automated multidimensional protein identification technology for shotgun proteomics.},
	Volume = {73},
	Year = {2001}}

@article{Zhou2007,
	Author = {Zhou, Hu and Dai, Jie and Sheng, Quan-Hu and Li, Rong-Xia and Shieh, Chia-Hui and Guttman, Andras and Zeng, Rong},
	Journal = {Electrophoresis},
	Number = {23},
	Pages = {4311--9},
	Title = {{A fully automated 2-D LC-MS method utilizing online continuous pH and RP gradients for global proteome analysis}},
	Volume = {28},
	Year = {2007}}

@article{Cargile2004,
	Author = {Cargile, Benjamin J and Talley, Dana L and Stephenson Jr., James L},
	Journal = {Electrophoresis},
	Number = {6},
	Pages = {936--45},
	Title = {{Immobilized pH gradients as a first dimension in shotgun proteomics and analysis of the accuracy of pI predictability of peptides}},
	Volume = {25},
	Year = {2004}}

@article{Pernemalm2009,
	Author = {Pernemalm, Maria and De Petris, Luigi and Eriksson, Hanna and Brand{\'e}n, Eva and Koyi, Hirsh and Kanter, Lena and Lewensohn, Rolf and Lehti{\"o}, Janne},
	Journal = {Proteomics},
	Number = {13},
	Pages = {3414--24},
	Title = {{Use of narrow-range peptide IEF to improve detection of lung adenocarcinoma markers in plasma and pleural effusion}},
	Volume = {9},
	Year = {2009}}

@article{alpert1990,
	Author = {Alpert, AJ},
	Journal = {Journal of Chromatography},
	Pages = {177--96},
	Title = {Hydrophilic-interaction chromatography for the separation of peptides, nucleic acids and other polar compounds},
	Volume = 499,
	Year = 1990}

@article{Boersema2008,
	Author = {Boersema, Paul J and Mohammed, Shabaz and Heck, Albert J},
	Journal = {Analytical and Bioanalytical Chemistry},
	Number = {1},
	Pages = {151--9},
	Title = {{Hydrophilic interaction liquid chromatography (HILIC) in proteomics}},
	Volume = {391},
	Year = {2008}}

@article{Palmblad2013,
	Author = {Henneman, Alex A and Palmblad, Magnus},
	Journal = {Methods in Molecular Biology},
	Pages = {101--18},
	Title = {Retention time prediction and protein identification.},
	Volume = {1007},
	Year = {2013}}

@article{Baczek2009,
	Author = {B\c{a}czek, Tomasz and Kaliszan, Roman},
	Journal = {Proteomics},
	Number = {4},
	Pages = {835--847},
	Title = {Predictions of peptides' retention times in reversed-phase liquid chromatography as a new supportive tool to improve protein identification in proteomics},
	Volume = {9},
	Year = {2009}}

@article{meek1980,
	Author = {Meek, J L},
	Journal = {Proceedings of the National Academy of Sciences of the United States of America},
	Number = {3},
	Pages = {1632--6},
	Title = {Prediction of peptide retention times in high-pressure liquid chromatography on the basis of amino acid composition.},
	Volume = {77},
	Year = {1980}}

@article{Browne1982,
	Author = {Browne, C A and Bennett, H P and Solomon, S},
	Journal = {Analytical Biochemistry},
	Number = {1},
	Pages = {201--8},
	Title = {The isolation of peptides by high-performance liquid chromatography using predicted elution positions},
	Volume = {124},
	Year = {1982}}

@article{Houghten1987,
	Author = {Houghten, R A and DeGraw, S T},
	Journal = {Journal of Chromatography},
	Pages = {223--8},
	Title = {Effect of positional environmental domains on the variation of high-performance liquid chromatographic peptide retention coefficients},
	Volume = {386},
	Year = {1987}}

@article{Zhou1990,
	Author = {Zhou, N E and Mant, C T and Hodges, R S},
	Journal = {Peptide Research},
	Number = {1},
	Pages = {8--20},
	Title = {Effect of preferred binding domains on peptide retention behavior in reversed-phase chromatography: amphipathic alpha-helices.},
	Volume = {3},
	Year = {1990}}

@article{Guo1987,
	Author = {Guo, D C and Mant, C T and Hodges, R S},
	Journal = {Journal of Chromatography},
	Pages = {205--22},
	Title = {Effects of ion-pairing reagents on the prediction of peptide retention in reversed-phase high-performance liquid chromatography.},
	Volume = {386},
	Year = {1987}}

@article{Mant2006,
	Author = {Mant, C T and Hodges, R S},
	Journal = {Journal of Chromatography A},
	Number = {2},
	Pages = {211--9},
	Title = {Context-dependent effects on the hydrophilicity/hydrophobicity of side-chains during reversed-phase high-performance liquid chromatography: implications for prediction of peptide retention behaviour},
	Volume = {1125},
	Year = {2006}}

@article{Gilar2010,
	Author = {Gilar, Martin and Xie, Hongwei and Jaworski, Aleksander},
	Journal = {Analytical Chemistry},
	Number = {1},
	Pages = {265--75},
	Title = {Utility of retention prediction model for investigation of peptide separation selectivity in reversed-phase liquid chromatography: impact of concentration of trifluoroacetic acid, column temperature, gradient slope and type of stationary phase},
	Volume = {82},
	Year = {2010}}

@article{Krokhin2004,
	Author = {Krokhin, O V and Craig, R and Spicer, V and Ens, W and Standing, K G and Beavis, R C and Wilkins, J A},
	Journal = {Molecular \& Cellular Proteomics},
	Number = {9},
	Pages = {908--19},
	Title = {{An improved model for prediction of retention times of tryptic peptides in ion pair reversed-phase HPLC: its application to protein peptide mapping by off-line HPLC-MALDI MS}},
	Volume = {3},
	Year = {2004}}

@article{Spicer2007,
	Author = {Spicer, Vic and Yamchuk, Andriy and Cortens, John and Sousa, Sandra and Ens, Werner and Standing, Kenneth G and Wilkins, John A and Krokhin, O V},
	Journal = {Analytical Chemistry},
	Number = {22},
	Pages = {8762--8},
	Title = {{Sequence-specific retention calculator. A family of peptide retention time prediction algorithms in reversed-phase HPLC: applicability to various chromatographic conditions and columns}},
	Volume = {79},
	Year = {2007}}

@article{Krokhin2006,
	Author = {Krokhin, O V},
	Journal = {Analytical Chemistry},
	Number = {22},
	Pages = {7785--95},
	Title = {{Sequence-specific retention calculator. Algorithm for peptide retention prediction in ion-pair RP-HPLC: application to 300- and 100-\AA~pore size C18 sorbents}},
	Volume = {78},
	Year = {2006}}

@article{Kaliszan2005,
	Author = {Kaliszan, Roman and B\c{a}czek, Tomasz and Cimochowska, Anna and Juszczyk, Paulina and Wi{\'s}niewska, Kornelia and Grzonka, Zbigniew},
	Journal = {Proteomics},
	Number = {2},
	Pages = {409--15},
	Title = {{Prediction of high-performance liquid chromatography retention of peptides with the use of quantitative structure-retention relationships}},
	Volume = {5},
	Year = {2005}}

@article{Baczek2005,
	Author = {B\c{a}czek, T and Wiczling, P and {Marsza\l\l~}, M and Heyden, Y V and Kaliszan, R},
	Journal = {Journal of Proteome Research},
	Number = {2},
	Pages = {555--63},
	Title = {{Prediction of peptide retention at different HPLC conditions from multiple linear regression models}},
	Volume = {4},
	Year = {2005}}

@article{gorshkov2006,
	Author = {Gorshkov, Alexander V and Tarasova, Irina A and Evreinov, Victor V and Savitski, Mikhail M and Nielsen, Michael L and Zubarev, Roman A and Gorshkov, Mikhail V},
	Journal = {Analytical Chemistry},
	Number = {22},
	Pages = {7770--7},
	Title = {{Liquid chromatography at critical conditions: comprehensive approach to sequence-dependent retention time prediction}},
	Volume = {78},
	Year = {2006}}

@article{shinoda2006,
	Author = {Shinoda, Kosaku and Sugimoto, Masahiro and Yachie, Nozomu and Sugiyama, Naoyuki and Masuda, Takeshi and Robert, Martin and Soga, Tomoyoshi and Tomita, Masaru},
	Journal = {Journal of Proteome Research},
	Number = {12},
	Pages = {3312--3317},
	Title = {Prediction of liquid chromatographic retention times of peptides generated by protease digestion of the escherichia coli proteome using artificial neural networks},
	Volume = {5},
	Year = {2006}}

@article{klammer2007improving,
	Author = {Klammer, A. A. and Yi, X. and MacCoss, M. J. and Noble, W. S.},
	Journal = {Analytical Chemistry},
	Month = {Aug},
	Number = {16},
	Pages = {6111--8},
	Title = {{{I}mproving tandem mass spectrum identification using peptide retention time prediction across diverse chromatography conditions}},
	Volume = {79},
	Year = {2007}}

@article{petritis2003,
	Author = {Petritis, Konstantinos and Kangas, Lars J and Ferguson, Patrick L and Anderson, Gordon A. and Pa{\v s}a-Toli\'c, Ljiljana and Lipton, Mary S and Auberry, Kenneth J and Strittmatter, Eric F. and Shen, Yufeng and Zhao, Rui and Smith, Richard D},
	Journal = {Analytical Chemistry},
	Number = {5},
	Pages = {1039--48},
	Title = {Use of artificial neural networks for the accurate prediction of peptide liquid chromatography elution times in proteome analyses},
	Volume = {75},
	Year = {2003}}

@article{petritis2006improved,
	Author = {Petritis, Konstantinos and Kangas, Lars J. and Yan, Bo and Monroe, Matthew E. and Strittmatter, Eric F. and Qian, Wei-Jun and Adkins, Joshua N. and Moore, Ronald J. and Xu, Ying and Lipton, Mary S. and Camp, David G. and Smith, Richard D.},
	Doi = {10.1021/ac060143p},
	Eprint = {http://pubs.acs.org/doi/pdf/10.1021/ac060143p},
	Journal = {Analytical Chemistry},
	Number = {14},
	Pages = {5026--39},
	Title = {Improved peptide elution time prediction for reversed-phase liquid chromatography-MS by incorporating peptide sequence information},
	Url = {http://pubs.acs.org/doi/abs/10.1021/ac060143p},
	Volume = {78},
	Year = {2006},
	Bdsk-Url-1 = {http://pubs.acs.org/doi/abs/10.1021/ac060143p},
	Bdsk-Url-2 = {http://dx.doi.org/10.1021/ac060143p}}

@article{rtpredictImproved,
	Author = {Pfeifer, Nico and Leinenbach, Andreas and Huber, Christian G and Kohlbacher, Oliver},
	Journal = {Journal of Proteome Research},
	Number = {8},
	Pages = {4109--15},
	Pubmedid = {19492844},
	Title = {Improving peptide identification in proteome analysis by a two-dimensional retention time filtering approach},
	Url = {http://dx.doi.org/10.1021/pr900064b},
	Volume = {8},
	Year = {2009},
	Bdsk-Url-1 = {http://dx.doi.org/10.1021/pr900064b}}

@article{rtpredict,
	Author = {Pfeifer, Nico and Leinenbach, Andreas and Huber, Christian and Kohlbacher, Oliver},
	Doi = {10.1186/1471-2105-8-468},
	Issn = {1471-2105},
	Journal = {BMC Bioinformatics},
	Number = {1},
	Pages = {468},
	Pubmedid = {18053132},
	Title = {Statistical learning of peptide retention behavior in chromatographic separations: a new kernel-based approach for computational proteomics},
	Url = {http://www.biomedcentral.com/1471-2105/8/468},
	Volume = {8},
	Year = {2007},
	Bdsk-Url-1 = {http://www.biomedcentral.com/1471-2105/8/468},
	Bdsk-Url-2 = {http://dx.doi.org/10.1186/1471-2105-8-468}}

@article{Reimer2012,
	Author = {Janice Reimer and Vic Spicer and Oleg V Krokhin},
	Journal = {Journal of Chromatography A},
	Pages = {160--8},
	Title = {Application of modern reversed-phase peptide retention prediction algorithms to the Houghten and DeGraw dataset: peptide helicity and its effect on prediction accuracy},
	Volume = {1256},
	Year = {2012}}

@article{Kim2007,
	Author = {Kim, J and Petritis, K and Shen, Y and Camp II, D G and Moore, R J and Smith, R D},
	Journal = {Journal of Chromatography A},
	Number = {1},
	Pages = {9--18},
	Title = {Phosphopeptide elution times in reversed-phase liquid chromatography},
	Volume = {1172},
	Year = {2007}}

@article{perlova2010,
	Author = {Perlova, T Y and Goloborodko, A A and Margolin, Y and Pridatchenko, M L and Tarasova, I A and Gorshkov, A V and Moskovets, E and Ivanov, A R and Gorshkov, M V},
	Journal = {Proteomics},
	Number = {19},
	Pages = {3458--68},
	Title = {{Retention time prediction using the model of liquid chromatography of biomacromolecules at critical conditions in LC-MS phosphopeptide analysis}},
	Volume = {10},
	Year = {2010}}

@article{Reimer2011,
	Author = {Reimer, J and Shamshurin, D and Harder, M and Yamchuk, Y and Spicer, V and Krokhin, O V},
	Journal = {Journal of Chromatography A},
	Number = {31},
	Pages = {5101--7},
	Title = {{Effect of cyclization of N-terminal glutamine and carbamidomethyl-cysteine (residues) on the chromatographic behavior of peptides in reversed-phase chromatography}},
	Volume = {1218},
	Year = {2011}}

@article{Kawakami2005,
	Author = {Kawakami, T and Tateishi, K and Yamano, Y and Ishikawa, T and Kuroki, K and Nishimura, T},
	Journal = {Proteomics},
	Number = {4},
	Pages = {856--64},
	Title = {Protein identification from product ion spectra of peptides validated by correlation between measured and predicted elution times in liquid chromatography/mass spectrometry},
	Volume = {5},
	Year = {2005}}

@article{Strittmatter2004,
	Author = {Strittmatter, E F and Kangas, L J and Petritis, K and Mottaz, H M and Anderson, G A and Shen, Y and Jacobs, J M and Camp, D G and Smith, R D},
	Journal = {Journal of Proteome Research},
	Number = {4},
	Pages = {760--9},
	Title = {{Application of peptide LC retention time information in a discriminant function for peptide identification by tandem mass spectrometry}},
	Volume = {3},
	Year = {2004}}

@article{palmblad2002prediction,
	Author = {Palmblad, M. and Ramstr\"om, M. and Markides, K E and Hakansson, P. and Bergquist, J.},
	Journal = {Analytical Chemistry},
	Number = {22},
	Pages = {5826--30},
	Title = {{Prediction of chromatographic retention and protein identification in liquid chromatography/mass spectrometry}},
	Volume = {74},
	Year = {2002}}

@article{krokhin200612,
	Author = {Krokhin, O V and Ying, S and Cortens, J P and Ghosh, D and Spicer, V and Ens, W and Standing, K G and Beavis, R C and Wilkins, J A},
	Journal = {Analytical Chemistry},
	Number = {17},
	Pages = {6265--9},
	Title = {{Use of peptide retention time prediction for protein identification by off-line reversed-phase HPLC-MALDI MS/MS}},
	Volume = {78},
	Year = {2006}}

@article{McQueen2012,
	Author = {McQueen, P and Spicer, V and Rydzak, T and Sparling, R and Levin, D and Wilkins, J A and Krokhin, O},
	Journal = {Proteomics},
	Number = {8},
	Pages = {1160--9},
	Title = {{Information-dependent LC-MS/MS acquisition with exclusion lists potentially generated on-the-fly: case study using a whole cell digest of {\em Clostridium thermocellum}}},
	Volume = {12},
	Year = {2012}}

@article{bertsch2010,
	Author = {Bertsch, A and Jung, S and Zerck, A and Pfeifer, N and Nahnsen, S and Henneges, C and Nordheim, A and Kohlbacher, O},
	Journal = {Journal of Proteome Research},
	Number = {5},
	Pages = {2696--704},
	Title = {{Optimal de novo design of MRM experiments for rapid assay development in targeted proteomics}},
	Volume = {9},
	Year = {2010}}

@article{bielow2011,
	Author = {Bielow, C and Aiche, S and Andreotti, S and Reinert, K},
	Journal = {Journal of Proteome Research},
	Number = {7},
	Pages = {2922--9},
	Title = {{MSSimulator: simulation of mass spectrometry data}},
	Volume = {10},
	Year = {2011}}

@article{lobas2013,
	Author = {Lobas, A A and Verenchikov, A N and Goloborodko, A A and Levitsky, L I and Gorshkov, M V},
	Journal = {Rapid Communications in Mass Spectrometry},
	Number = {3},
	Pages = {391--400},
	Title = {{Combination of Edman degradation of peptides with liquid chromatography/mass spectrometry workflow for peptide identification in bottom-up proteomics}},
	Volume = {27},
	Year = {2013}}

@inproceedings{VapnikSVM,
	Author = {Bernhard E. Boser and Isabelle M. Guyon and Vladimir N. Vapnik},
	Booktitle = {Proceedings of the 5th Annual ACM Workshop on Computational Learning Theory},
	Pages = {144--52},
	Publisher = {ACM Press},
	Title = {A training algorithm for optimal margin classifiers},
	Year = {1992}}

@article{GonzalezL10,
	Author = {Alvaro J. Gonz{\'a}lez and Li Liao},
	Journal = {BMC Bioinformatics},
	Pages = {537},
	Title = {Predicting domain-domain interaction based on domain profiles with feature selection and support vector machines},
	Volume = {11},
	Year = {2010}}

@inproceedings{Vapnik96supportvector,
	Author = {Vladimir Vapnik and Steven E. Golowich and Alex Smola},
	Booktitle = {Advances in Neural Information Processing Systems 9},
	Pages = {281--7},
	Publisher = {MIT Press},
	Title = {Support vector method for function approximation, regression estimation, and signal processing},
	Year = {1996}}

@article{Wang2,
	Author = {D Wang and L Shi and P Heng},
	Bibsource = {DBLP, http://dblp.uni-trier.de},
	Ee = {http://dx.doi.org/10.1016/j.neucom.2009.02.015},
	Journal = {Neurocomputing},
	Number = {13--15},
	Pages = {3296-3302},
	Title = {Automatic detection of breast cancers in mammograms using structured support vector machines},
	Volume = {72},
	Year = {2009}}

@proceedings{handwriting,
	Booktitle = {AIAI Workshops},
	Editor = {Nick Bassiliades},
	Publisher = {CEUR-WS.org},
	Series = {CEUR Workshop Proceedings},
	Title = {Proceedings of the Workshops of the 5th IFIP Conference on Artificial Intelligence Applications {\&} Innovations (AIAI-2009), Thessaloniki, Greece},
	Volume = {475},
	Year = {2009}}

@article{Yu,
	Author = {Z Yu and H Wong and G Wen},
	Journal = {Image and Vision Computing},
	Number = {1},
	Pages = {29--40},
	Title = {A modified support vector machine and its application to image segmentation},
	Volume = {29},
	Year = {2011}}

@article{Noble06,
	Author = {Noble, W S},
	Journal = {Nature Biotechnology},
	Number = {12},
	Pages = {1565--7},
	Title = {What is a support vector machine?},
	Volume = {24},
	Year = {2006}}

@article{Burges98atutorial,
	Author = {C Burges},
	Journal = {Data Mining and Knowledge Discovery},
	Pages = {121--67},
	Title = {A tutorial on support vector machines for pattern recognition},
	Volume = {2},
	Year = {1998}}

@article{lts,
	Author = {Rousseeuw, Peter J.},
	Copyright = {Copyright {\copyright} 1984 American Statistical Association},
	Journal = {Journal of the American Statistical Association},
	Jstor_Articletype = {primary_article},
	Jstor_Formatteddate = {Dec., 1984},
	Number = {388},
	Pages = {871--80},
	Publisher = {American Statistical Association},
	Title = {Least median of squares regression},
	Volume = {79},
	Year = {1984}}

@article{fast-lts,
	Address = {Hingham, MA, USA},
	Author = {Rousseeuw, Peter J. and Driessen, Katrien},
	Doi = {http://dx.doi.org/10.1007/s10618-005-0024-4},
	Journal = {Data Mining and Knowledge Discovery},
	Number = {1},
	Pages = {29--45},
	Publisher = {Kluwer Academic Publishers},
	Title = {Computing {LTS} regression for large data sets},
	Volume = {12},
	Year = {2006},
	Bdsk-Url-1 = {http://dx.doi.org/10.1007/s10618-005-0024-4}}

@article{svmex,
	Author = {Meding, Stephan and Nitsche, Ulrich and Balluff, Benjamin and Elsner, Mareike and Rauser, Sandra and Sch{\"o}ne, C{\'e}drik and Nipp, Martin and Maak, Matthias and Feith, Marcus and Ebert, Matthias P. and Friess, Helmut and Langer, Rupert and H{\"o}fler, Heinz and Zitzelsberger, Horst and Rosenberg, Robert and Walch, Axel},
	Journal = {Journal of Proteome Research},
	Number = {3},
	Pages = {1996--2003},
	Title = {{Tumor classification of six common cancer types based on proteomic profiling by MALDI imaging}},
	Volume = {11},
	Year = {2012}}

@incollection{svmlight1,
	Author = {Joachims, T},
	Booktitle = {Advances in Kernel Methods - Support Vector Learning},
	Chapter = 11,
	Pages = {169--84},
	Publisher = {MIT Press},
	Title = {Making large-Scale {SVM} learning practical},
	Year = 1999}

@article{libsvm,
	Author = {Chang, Chih-Chung and Lin, Chih-Jen},
	Issue = {3},
	Journal = {ACM Transactions on Intelligent Systems and Technology},
	Note = {Software available at \url{http://www.csie.ntu.edu.tw/~cjlin/libsvm}},
	Pages = {27:1--27:27},
	Title = {{LIBSVM}: A library for support vector machines},
	Volume = {2},
	Year = {2011}}

@book{Cormen,
	Author = {Cormen, Thomas H and Leiserson, Charles E and Rivest, Ronald L and Stein, Clifford},
	Edition = {3rd},
	Publisher = {MIT Press, Cambridge, MA, USA},
	Title = {{Introduction to Algorithms}},
	Year = {2009}}

@article{Needleman1970,
	Author = {Needleman, Saul B and Wunsch, Christian D},
	Journal = {Journal of Molecular Biology},
	Number = {3},
	Pages = {443--53},
	Title = {A general method applicable to the search for similarities in the amino acid sequence of two proteins},
	Volume = {48},
	Year = {1970}}

@article{Smith1981,
	Author = {Smith, T F and Waterman, M S},
	Journal = {Journal of Molecular Biology},
	Number = {1},
	Pages = {195--7},
	Title = {Identification of common molecular subsequences},
	Volume = {147},
	Year = {1981}}

@article{denovo,
	Author = {Mo, Lijuan and Dutta, Debojyoti and Wan, Yunhu and Chen, Ting},
	Journal = {Analytical Chemistry},
	Number = {13},
	Pages = {4870--8},
	Title = {{MSNovo: a dynamic programming algorithm for de novo peptide sequencing via tandem mass spectrometry}},
	Volume = {79},
	Year = {2007}}

@article{McIlwain01072007,
	Author = {McIlwain, Sean and Page, David and Huttlin, Edward L. and Sussman, Michael R.},
	Journal = {Bioinformatics},
	Number = {13},
	Pages = {i328--36},
	Title = {Using dynamic programming to create isotopic distribution maps from mass spectra},
	Volume = {23},
	Year = {2007}}

@article{phylogeny,
	Author = {Felsenstein, J},
	Journal = {Journal of Molecular Evolution},
	Number = {6},
	Pages = {368--76},
	Title = {{Evolutionary trees from DNA sequences: a maximum likelihood approach}},
	Volume = {17},
	Year = {1981}}

@article{iamt1,
	Author = {Bochet, Pascal and R\"ugheimer, Frank and Guina, Tina and Brooks, Peter and Goodlett, David and Clote, Peter and Schwikowski, Benno},
	Journal = {Proteomics},
	Number = {1},
	Pages = {22--32},
	Title = {{Fragmentation-free LC-MS can identify hundreds of proteins}},
	Volume = {11},
	Year = {2011}}

@article{irt,
	Author = {Escher, Claudia and Reiter, Lukas and MacLean, Brendan and Ossola, Reto and Herzog, Franz and Chilton, John and MacCoss, Michael J. and Rinner, Oliver},
	Journal = {Proteomics},
	Number = {8},
	Pages = {1111--21},
	Title = {{Using iRT, a normalized retention time for more targeted measurement of peptides}},
	Volume = {12},
	Year = {2012}}

@article{olegstd,
	Author = {Krokhin, Oleg V. and Spicer, Vic},
	Journal = {Analytical Chemistry},
	Number = {22},
	Pages = {9522--30},
	Title = {{Peptide retention standards and hydrophobicity indexes in reversed-phase high-performance liquid chromatography of peptides}},
	Volume = {81},
	Year = {2009}}

@article{qcal,
	Author = {Eyers, C E and Simpson, D M and Wong, S S and Beynon, R J and Gaskell, S J},
	Journal = {{Journal of the American Society for Mass Spectrometry}},
	Number = {9},
	Pages = {1275--80},
	Title = {{QCAL -- a novel standard for assessing instrument conditions for proteome analysis}},
	Volume = {19},
	Year = {2008}}

@article{seb,
	Author = {Gallien, Sebastien and Peterman, Scott and Kiyonami, Reiko and Souady, Jamal and Duriez, Elodie and Schoen, Alan and Domon, Bruno},
	Journal = {Proteomics},
	Number = {8},
	Pages = {1122--33},
	Title = {Highly multiplexed targeted proteomics using precise control of peptide retention time},
	Volume = {12},
	Year = {2012}}

@article{Kiyonami01022011,
	Author = {Kiyonami, Reiko and Schoen, Alan and Prakash, Amol and Peterman, Scott and Zabrouskov, Vlad and Picotti, Paola and Aebersold, Ruedi and Huhmer, Andreas and Domon, Bruno},
	Journal = {Molecular \& Cellular Proteomics},
	Number = {2},
	Pages = {M110.002931},
	Title = {Increased selectivity, analytical precision, and throughput in targeted proteomics},
	Volume = {10},
	Year = {2011}}

@article{Peterson01112012,
	Author = {Peterson, Amelia C and Russell, Jason D and Bailey, Derek J and Westphall, Michael S and Coon, Joshua J},
	Journal = {Molecular \& Cellular Proteomics},
	Number = {11},
	Pages = {1475--88},
	Title = {Parallel reaction monitoring for high resolution and high mass accuracy quantitative, targeted proteomics},
	Volume = {11},
	Year = {2012}}

@article{shotgun,
	Author = {Fournier, Marjorie L. and Gilmore, Joshua M. and Martin-Brown, Skylar A. and Washburn, Michael P.},
	Journal = {Chemical Reviews},
	Number = {8},
	Pages = {3654--86},
	Title = {Multidimensional separations-based shotgun proteomics},
	Volume = {107},
	Year = {2007}}

@article{harald,
	Author = {Marx, Harald and Lemeer, Simone and Schliep, Jan Erik and Matheron, Lucrece and Mohammed, Shabaz and Cox, Jurgen and Mann, Matthias and Heck, Albert J R and Kuster, Bernhard},
	Journal = {Nature Biotechnology},
	Number = {6},
	Pages = {557--64},
	Title = {{A large synthetic peptide and phosphopeptide reference library for mass spectrometry-based proteomics}},
	Volume = {31},
	Year = {2013}}

@article{acetylation2013,
	Author = {Zhang, Kai and Zheng, Shuzhen and Yang, Jeong Soo and Chen, Yue and Cheng, Zhongyi},
	Journal = {Journal of Proteome Research},
	Number = {2},
	Pages = {844--51},
	Title = {Comprehensive profiling of protein lysine acetylation in {\em Escherichia coli}},
	Volume = {12},
	Year = {2013}}

@article{svedberg,
	Author = {Svedberg, T},
	Journal = {Nature},
	Pages = {1051--62},
	Title = {The ultra-centrifuge and the study of high-molecular compounds},
	Volume = {139},
	Year = {1937}}

@article{pinference,
	Author = {Serang, Oliver and Moruz, Luminita and Hoopmann, Michael R. and K\"all, Lukas},
	Journal = {Journal of Proteome Research},
	Number = {12},
	Pages = {5586--91},
	Title = {Recognizing uncertainty increases robustness and reproducibility of mass spectrometry-based protein inferences},
	Volume = {11},
	Year = {2012}}

@article{elude1,
	Author = {Moruz, Luminita and Tomazela, Daniela and K\"all, Lukas},
	Doi = {10.1021/pr1005058},
	Eprint = {http://pubs.acs.org/doi/pdf/10.1021/pr1005058},
	Journal = {Journal of Proteome Research},
	Number = {10},
	Pages = {5209-5216},
	Title = {Training, Selection, and Robust Calibration of Retention Time Models for Targeted Proteomics},
	Url = {http://pubs.acs.org/doi/abs/10.1021/pr1005058},
	Volume = {9},
	Year = {2010},
	Bdsk-Url-1 = {http://pubs.acs.org/doi/abs/10.1021/pr1005058},
	Bdsk-Url-2 = {http://dx.doi.org/10.1021/pr1005058}}

@article{elude2,
	Author = {Moruz, Luminita and Staes, An and Foster, Joseph M and Hatzou, Maria and Timmerman, Evy and Martens, Lennart and K\"all, Lukas},
	Journal = {Proteomics},
	Number = {8},
	Pages = {1151--1159},
	Publisher = {Wiley Online Library},
	Title = {Chromatographic retention time prediction for posttranslationally modified peptides},
	Volume = {12},
	Year = {2012}}

@article{gradopt2,
	Author = {Moruz, Luminita and K\"all, Lukas},
	Doi = {10.1002/pmic.201400036},
	Issn = {1615-9861},
	Journal = {PROTEOMICS},
	Keywords = {Bioinformatics, Chromatography, Retention time, RPLC},
	Number = {12},
	Pages = {1464--1466},
	Title = {GradientOptimizer: An open-source graphical environment for calculating optimized gradients in reversed-phase liquid chromatography},
	Url = {http://dx.doi.org/10.1002/pmic.201400036},
	Volume = {14},
	Year = {2014},
	Bdsk-Url-1 = {http://dx.doi.org/10.1002/pmic.201400036}}

@article{gradopt1,
	Author = {Moruz, Luminita and Pichler, Peter and Stranzl, Thomas and Mechtler, Karl and K\"all, Lukas},
	Doi = {10.1021/ac401145q},
	Eprint = {http://dx.doi.org/10.1021/ac401145q},
	Journal = {Analytical Chemistry},
	Note = {PMID: 23841592},
	Number = {16},
	Pages = {7777-7785},
	Title = {Optimized Nonlinear Gradients for Reversed-Phase Liquid Chromatography in Shotgun Proteomics},
	Url = {http://dx.doi.org/10.1021/ac401145q},
	Volume = {85},
	Year = {2013},
	Bdsk-Url-1 = {http://dx.doi.org/10.1021/ac401145q}}

@article{mf,
	Author = {Moruz, Luminita and Hoopmann, Michael R. and Rosenlund, Magnus and Granholm, Viktor and Moritz, Robert L. and K\"all, Lukas},
	Doi = {10.1021/pr400705q},
	Eprint = {http://dx.doi.org/10.1021/pr400705q},
	Journal = {Journal of Proteome Research},
	Note = {PMID: 24074221},
	Number = {12},
	Pages = {5730-5741},
	Title = {Mass Fingerprinting of Complex Mixtures: Protein Inference from High-Resolution Peptide Masses and Predicted Retention Times},
	Url = {http://dx.doi.org/10.1021/pr400705q},
	Volume = {12},
	Year = {2013},
	Bdsk-Url-1 = {http://dx.doi.org/10.1021/pr400705q}}
